@book{shaffer1997,
  title={A practical introduction to data structures and algorithm analysis},
  author={Shaffer, Clifford A},
  year={1997},
  publisher={Citeseer}
}
